@book{newton1726philosophiae,
    title     = {Philosophiae naturalis principia mathematica},
    author    = {Newton, I.},
    url       = {https://books.google.com/books?id=WeZ09rjv-1kC},
    year      = {1726},
    publisher = {Innys}
}
@article{COTFNT,
    year = {2019},
    volume = {11},
    journal = {Foundations and Trends in Machine Learning},
    title = {Computational Optimal Transport},
    number = {5-6},
    pages = {355--607},
    author = {Gabriel Peyr\'e and Marco Cuturi}
}
